
@book{wahba,
    author = {Grace Wahba},
    title = {Spline Models for Observational Data},
    year = {1990},
}

@book{elements_of_statistical_learning,
    edition = {2},
    title = {The {Elements} of {Statistical} {Learning}: {Data} {Mining}, {Inference}, and {Prediction}},
    url = {https://hastie.su.domains/ElemStatLearn/},
    language = {en},
    year = {2017},
    author = {{Trevor Hastie} and {Robert Tibshirani} and {Jerome Friedman}},
    publisher = {Springer Series in Statistics},
}


@article{unified_propellers,
    title = {{MIT Unified Engineering Course Notes, Thermodynamics and Propulsion}: Performance of Propellers},
    author = {Spakovszky, Zoltan and E. M. Greitzer and I. A. Waitz},
    url = {https://web.mit.edu/16.unified/www/FALL/thermodynamics/notes/node86.html},
    year = {2007},
}

@book{brunton,
	title = {Data {Driven} {Science} \& {Engineering}},
	language = {en},
	author = {Brunton, Steven L and Kutz, J Nathan},
	year = {2017},
	file = {Brunton and Kutz - 2017 - Data Driven Science & Engineering.pdf:C\:\\Users\\peter\\Zotero\\storage\\4JIQ5JL2\\Brunton and Kutz - 2017 - Data Driven Science & Engineering.pdf:application/pdf},
}

@mastersthesis{aerosandbox,
    title = {AeroSandbox: A Differentiable Framework for Aircraft Design Optimization},
    author = {Sharpe, Peter D.},
    school = {Massachusetts Institute of Technology},
    year = {2021}
}

@book{surrogates,
  title = {Surrogates: {G}aussian Process Modeling, Design and Optimization for the Applied Sciences},
  author = {Robert B. Gramacy},
  publisher = {Chapman Hall/CRC},
  address = {Boca Raton, Florida},
  note = {\url{http://bobby.gramacy.com/surrogates/}},
  year = {2020}
}